<?xml version="1.0" encoding="UTF-8"?><collection xmlns="http://www.loc.gov/MARC21/slim"><record><leader>00368nam--2200133-i-4500</leader><controlfield tag="001">000049470</controlfield><controlfield tag="002">20161230</controlfield><controlfield tag="005">20161230201047</controlfield><controlfield tag="008">060222s1000------------r-----000-0-eng-d</controlfield><datafield ind1=" " ind2=" " tag="080"><subfield code="a">621.382</subfield></datafield><datafield ind1=" " ind2=" " tag="100"><subfield code="a">Aleksenko,A.G.,Kolombert,E.A. I Starodub,G.I</subfield></datafield><datafield ind1=" " ind2=" " tag="245"><subfield code="a">Primenenie precizionnyh analogovyh mikroshem</subfield></datafield><datafield ind1=" " ind2=" " tag="260"><subfield code="a">Moskva, Radio I Svias, 1985. 256 S</subfield></datafield><datafield ind1=" " ind2=" " tag="852"><subfield code="a">72926</subfield></datafield></record></collection>